@misc{chesswiki,
  author       = {Wikipedia},
  title        = {Chess},
  howpublished = {\url{https://en.wikipedia.org/wiki/Chess}},
  year         = {2024},
}

@misc{dataset,
  author       = {J Mitchell},
  title        = {Chess Game Dataset (Lichess)},
  howpublished = {\url{https://www.kaggle.com/datasets/datasnaek/chess}},
  year         = {2017},
}

@misc{ELO,
  author       = {Unknown},
  title        = {Elo Rating System},
  howpublished = {\url{https://www.chess.com/terms/elo-rating-chess}},
  year         = {2020},
}
